<?xml version="1.0" encoding="utf-8"?>
<record xmlns="http://www.loc.gov/MARC21/slim" xmlns:xsi="http://www.w3.org/2001/XMLSchema-instance" xsi:schemaLocation="http://www.loc.gov/MARC21/slim http://www.loc.gov/standards/marcxml/schema/MARC21slim.xsd">
	<leader>
		02969nam a2200529   4500
	</leader>
	<controlfield tag="001">
		b14186871
	</controlfield>
	<controlfield tag="003">
		LeBAU
	</controlfield>
	<controlfield tag="006">
		m        d        
	</controlfield>
	<controlfield tag="007">
		cr cn |||m|||a
	</controlfield>
	<controlfield tag="008">
		160203s1952    ua ah   ob    ||0 0 ara d
	</controlfield>
	<datafield ind1=" " ind2=" " tag="037">
		<subfield code="b">
			Majid Fakhry
		</subfield>
		<subfield code="z">
			40850
		</subfield>
	</datafield>
	<datafield ind1=" " ind2=" " tag="040">
		<subfield code="a">
			NNU
		</subfield>
		<subfield code="b">
			ara
		</subfield>
		<subfield code="e">
			rda
		</subfield>
		<subfield code="c">
			NNU
		</subfield>
	</datafield>
	<datafield ind1="0" ind2="4" tag="082">
		<subfield code="a">
			181.07
		</subfield>
		<subfield code="2">
			22
		</subfield>
	</datafield>
	<datafield ind1="1" ind2=" " tag="100">
		<subfield code="6">
			880-01
		</subfield>
		<subfield code="a">
			Ibn Sīnā, al-Ḥusayn ibn ʻAbd Allāh,
		</subfield>
		<subfield code="d">
			980-1037,
		</subfield>
		<subfield code="e">
			author.
		</subfield>
	</datafield>
	<datafield ind1="1" ind2="0" tag="245">
		<subfield code="6">
			880-02
		</subfield>
		<subfield code="a">
			Aḥwāl al-nafs :
		</subfield>
		<subfield code="b">
			risālah fī al-nafs wa-baqāʼihā wa-maʻādahā /
		</subfield>
		<subfield code="c">
			lil-shaykh al-Ra’īs Ibn Sīnā ; ḥaqqaqahu wa-qaddama ilayhi Aḥmad Fuʼād al-Ahwānī.
		</subfield>
	</datafield>
	<datafield ind1=" " ind2=" " tag="250">
		<subfield code="6">
			880-03
		</subfield>
		<subfield code="a">
			First edition.
		</subfield>
	</datafield>
	<datafield ind1=" " ind2="1" tag="264">
		<subfield code="6">
			880-04
		</subfield>
		<subfield code="a">
			Miṣr :
		</subfield>
		<subfield code="b">
			Dār Iḥyāʼ al-Kutub al-ʻArabīyah,
		</subfield>
		<subfield code="c">
			1371 H. = 1952 M.
		</subfield>
	</datafield>
	<datafield ind1=" " ind2=" " tag="300">
		<subfield code="6">
			880-05
		</subfield>
		<subfield code="a">
			online resource (203 pages) :
		</subfield>
		<subfield code="b">
			illustrations, facsimilies
		</subfield>
	</datafield>
	<datafield ind1=" " ind2=" " tag="336">
		<subfield code="a">
			text
		</subfield>
		<subfield code="2">
			rdacontent
		</subfield>
	</datafield>
	<datafield ind1=" " ind2=" " tag="337">
		<subfield code="a">
			computer
		</subfield>
		<subfield code="2">
			rdamedia
		</subfield>
	</datafield>
	<datafield ind1=" " ind2=" " tag="338">
		<subfield code="a">
			online resource
		</subfield>
		<subfield code="2">
			rdacarrier
		</subfield>
	</datafield>
	<datafield ind1=" " ind2=" " tag="500">
		<subfield code="a">
			Part of the Arabic Collections Online (ACO) project, contributed by American University of Beirut's Jafet Memorial Library.
		</subfield>
	</datafield>
	<datafield ind1=" " ind2=" " tag="504">
		<subfield code="a">
			يتضمن مراجع ببليوغرافية.
		</subfield>
	</datafield>
	<datafield ind1=" " ind2=" " tag="533">
		<subfield code="a">
			Electronic reproduction.
		</subfield>
		<subfield code="b">
			New York, N.Y. :
		</subfield>
		<subfield code="c">
			New York University,
		</subfield>
		<subfield code="d">
			2016.
		</subfield>
		<subfield code="5">
			NNU
		</subfield>
	</datafield>
	<datafield ind1=" " ind2="4" tag="650">
		<subfield code="a">
			النفس (فلسفة)
		</subfield>
		<subfield code="v">
			اعمال قديمة حتى 1800.
		</subfield>
	</datafield>
	<datafield ind1=" " ind2="4" tag="650">
		<subfield code="a">
			الفلسفة الاسلامية
		</subfield>
		<subfield code="v">
			اعمال قديمة حتى 1800.
		</subfield>
	</datafield>
	<datafield ind1=" " ind2="4" tag="650">
		<subfield code="a">
			الروح
		</subfield>
		<subfield code="x">
			الاسلام.
		</subfield>
	</datafield>
	<datafield ind1=" " ind2="4" tag="650">
		<subfield code="a">
			علم النفس
		</subfield>
		<subfield code="v">
			اعمال قديمة حتى 1800.
		</subfield>
	</datafield>
	<datafield ind1=" " ind2="0" tag="650">
		<subfield code="a">
			Self (Philosophy)
		</subfield>
		<subfield code="v">
			Early works to 1800.
		</subfield>
	</datafield>
	<datafield ind1=" " ind2="0" tag="650">
		<subfield code="a">
			Islamic philosophy
		</subfield>
		<subfield code="v">
			Early works to 1800.
		</subfield>
	</datafield>
	<datafield ind1=" " ind2="0" tag="650">
		<subfield code="a">
			Soul
		</subfield>
		<subfield code="x">
			Islam.
		</subfield>
	</datafield>
	<datafield ind1=" " ind2="0" tag="650">
		<subfield code="a">
			Psychology
		</subfield>
		<subfield code="v">
			Early works to 1850.
		</subfield>
	</datafield>
	<datafield ind1="1" ind2=" " tag="700">
		<subfield code="6">
			880-06
		</subfield>
		<subfield code="a">
			Ahwānī, Muḥammad Fu’ād,
		</subfield>
		<subfield code="d">
			-1970،
		</subfield>
		<subfield code="e">
			Annotator.
		</subfield>
	</datafield>
	<datafield ind1="1" ind2=" " tag="700">
		<subfield code="6">
			880-07
		</subfield>
		<subfield code="a">
			Ahwānī, Muḥammad Fu’ād,
		</subfield>
		<subfield code="d">
			-1970،
		</subfield>
		<subfield code="e">
			Author of introduction
		</subfield>
		<subfield code="4">
			aui.
		</subfield>
	</datafield>
	<datafield ind1="2" ind2=" " tag="710">
		<subfield code="a">
			Jafet Memorial Library.
		</subfield>
	</datafield>
	<datafield ind1="0" ind2=" " tag="730">
		<subfield code="a">
			Arabic Collections Online.
		</subfield>
	</datafield>
	<datafield ind1="0" ind2="8" tag="776">
		<subfield code="i">
			Print version:
		</subfield>
		<subfield code="a">
			Ibn Sīnā, al-Ḥusayn ibn ʻAbd Allāh, 980-1037, author.
		</subfield>
		<subfield code="t">
			Aḥwāl al-nafs
		</subfield>
		<subfield code="w">
			(LeBAU)b14186871
		</subfield>
	</datafield>
	<datafield ind1="4" ind2="0" tag="856">
		<subfield code="u">
			http://hdl.handle.net/2333.1/wh70s26g
		</subfield>
	</datafield>
	<datafield ind1="1" ind2=" " tag="880">
		<subfield code="6">
			100-01/(3/r
		</subfield>
		<subfield code="a">
			ابن سينا، ابو علي الحسين بن عبد الله،
		</subfield>
		<subfield code="d">
			980-1037،
		</subfield>
		<subfield code="e">
			مؤلف. 
		</subfield>
		<subfield code="4">
			aut.
		</subfield>
	</datafield>
	<datafield ind1="1" ind2="0" tag="880">
		<subfield code="6">
			245-02/(3/r
		</subfield>
		<subfield code="a">
			أحوال النفس :
		</subfield>
		<subfield code="b">
			رسالة في النفس وبقائها ومعادها /
		</subfield>
		<subfield code="c">
			للشيخ الرئيس إبن سينا ؛ حققه وقدم إليه أحمد فؤاد الأهواني.
		</subfield>
	</datafield>
	<datafield ind1=" " ind2=" " tag="880">
		<subfield code="6">
			250-03/(3/r
		</subfield>
		<subfield code="a">
			الطبعة الأولى.
		</subfield>
	</datafield>
	<datafield ind1=" " ind2="1" tag="880">
		<subfield code="6">
			264-04/(3/r
		</subfield>
		<subfield code="a">
			مصر :
		</subfield>
		<subfield code="b">
			دار إحياء الكتب العربية،
		</subfield>
		<subfield code="c">
			1371 هـ. = 1952 م.
		</subfield>
	</datafield>
	<datafield ind1=" " ind2=" " tag="880">
		<subfield code="6">
			300-05/(3/r
		</subfield>
		<subfield code="a">
			203 صفحات :
		</subfield>
		<subfield code="b">
			مصورات، صور طبق الأصل ؛
		</subfield>
		<subfield code="c">
			24 سم
		</subfield>
	</datafield>
	<datafield ind1="1" ind2=" " tag="880">
		<subfield code="6">
			700-06/(3/r
		</subfield>
		<subfield code="a">
			الاهواني، احمد فؤاد،
		</subfield>
		<subfield code="e">
			محقق. 
		</subfield>
		<subfield code="4">
			ann.
		</subfield>
	</datafield>
	<datafield ind1="1" ind2=" " tag="880">
		<subfield code="6">
			700-07/(3/r
		</subfield>
		<subfield code="a">
			الاهواني، احمد فؤاد،
		</subfield>
		<subfield code="e">
			مؤلف مقدمة. 
		</subfield>
	</datafield>
	<datafield ind1=" " ind2=" " tag="959">
		<subfield code="a">
			NNU
		</subfield>
		<subfield code="b">
			WEB
		</subfield>
		<subfield code="c">
			GENI
		</subfield>
		<subfield code="t">
			0
		</subfield>
		<subfield code="m">
			Electronic access
		</subfield>
		<subfield code="s">
			01
		</subfield>
	</datafield>
	<datafield ind1=" " ind2=" " tag="999">
		<subfield code="i">
			LeBAU_b14186871
		</subfield>
		<subfield code="s">
			aub_aco000001
		</subfield>
	</datafield>
</record>
